@book {HKT_book,
    AUTHOR = {Hirschfeld, J. W. P. and Korchm\'aros, G. and Torres, F.},
     TITLE = {Algebraic curves over a finite field},
    SERIES = {Princeton Series in Applied Mathematics},
 PUBLISHER = {Princeton University Press, Princeton, NJ},
      YEAR = {2008},
     PAGES = {xx+696},
      ISBN = {978-0-691-09679-7},
   MRCLASS = {14G15 (11G20 11T71 14-01 14C20 14Hxx)},
  MRNUMBER = {2386879},
MRREVIEWER = {C\'\i cero Carvalho},
}

@book {Stichtenoth_book,
    AUTHOR = {Stichtenoth, Henning},
     TITLE = {Algebraic function fields and codes},
    SERIES = {Graduate Texts in Mathematics},
    VOLUME = {254},
   EDITION = {Second},
 PUBLISHER = {Springer-Verlag, Berlin},
      YEAR = {2009},
     PAGES = {xiv+355},
      ISBN = {978-3-540-76877-7},
   MRCLASS = {14H05 (11R58 11T71 14G15 14G50 94B27)},
  MRNUMBER = {2464941},
}

@manual{GAP4,
  key          = "GAP",
  organization = "The GAP~Group",
  title        = "{GAP -- Groups, Algorithms, and Programming, Version 4.8.8}",
  year         = 2017,
  url          = "\verb+(https://www.gap-system.org)+",
}
